@article{facialfracs0,
	author = {Tanthry, Deepalakshmi and Nehla, Aisha and Santhraya, Mahesh and Pannen, Devan},
	year = {2021},
	month = {06},
	pages = {1176},
	title = {Epidemiological analysis of facial fractures},
	volume = {7},
	journal = {International Journal of Otorhinolaryngology and Head and Neck Surgery},
	doi = {10.18203/issn.2454-5929.ijohns20212456}
}

@article{facialfracs1,
	author = {Roselló, Eva and Granado, Ana and Garcia, Miquel and Juanpere, Sergi and Sala, Gemma and Mármol, Briggitte and Pedraza, Salvador},
	year = {2020},
	month = {12},
	pages = {},
	title = {Facial fractures: classification and highlights for a useful report},
	volume = {11},
	journal = {Insights into Imaging},
	doi = {10.1186/s13244-020-00847-w}
}

@article{facialfracs2,
	author = {Lindsey, Robert and Daluiski, Aaron and Chopra, Sumit and Lachapelle, Alexander and Mozer, Michael and Sicular, Serge and Hanel, Douglas and Gardner, Michael and Gupta, Anurag and Hotchkiss, Robert and Potter, Hollis},
	year = {2018},
	month = {10},
	pages = {201806905},
	title = {Deep neural network improves fracture detection by clinicians},
	volume = {115},
	journal = {Proceedings of the National Academy of Sciences},
	doi = {10.1073/pnas.1806905115}
}

@article{bones,
	author = {Masoudi, Samira and Mehralivand, Sherif and Harmon, Stephanie and Lay, Nathan and Lindenberg, Liza and Mena, Esther and Pinto, Peter and Citrin, Deborah and Gulley, James and Wood, Bradford and Dahut, William and Madan, Ravi and Choyke, Peter and Turkbey, Baris},
	year = {2021},
	month = {04},
	pages = {1-1},
	title = {Deep Learning based Staging of Bone Lesions from Computed Tomography Scans (January 2021)},
	volume = {PP},
	journal = {IEEE Access},
	doi = {10.1109/ACCESS.2021.3074051}
}

@article{classifiers,
	author = {Jijo, Bahzad and Mohsin Abdulazeez, Adnan},
	year = {2021},
	month = {01},
	pages = {20-28},
	title = {Classification Based on Decision Tree Algorithm for Machine Learning},
	volume = {2},
	journal = {Journal of Applied Science and Technology Trends}
}

@article{choice,
	author = {Reif, Matthias and Shafait, Faisal and Goldstein, Markus and Breuel, Thomas and Dengel, Andreas},
	year = {2012},
	month = {02},
	pages = {},
	title = {Automatic Classifier Selection for Non-Experts},
	volume = {17},
	journal = {Pattern Analysis and Applications},
	doi = {10.1007/s10044-012-0280-z}
}

@article{euclidian,
	author = {Suwanda, R and Syahputra, Zulfahmi and Zamzami, E},
	year = {2020},
	month = {06},
	pages = {012058},
	title = {Analysis of Euclidean Distance and Manhattan Distance in the K-Means Algorithm for Variations Number of Centroid K},
	volume = {1566},
	journal = {Journal of Physics: Conference Series},
	doi = {10.1088/1742-6596/1566/1/012058}
}

@article{selsearch,
	author = {Uijlings, Jasper and Sande, K. and Gevers, T. and Smeulders, A.W.M.},
	year = {2013},
	month = {09},
	pages = {154-171},
	title = {Selective Search for Object Recognition},
	volume = {104},
	journal = {International Journal of Computer Vision},
	doi = {10.1007/s11263-013-0620-5}
}

@inproceedings{imagenet,
	author = {Krizhevsky, Alex and Sutskever, I and Hinton, G},
	year = {2012},
	month = {01},
	pages = {1097-1105},
	title = {Imagenet classification with deep convolutional neural networks}
}

@article{fastrcnn,
	author = {Girshick, Ross},
	year = {2015},
	month = {04},
	pages = {},
	title = {Fast r-cnn},
	doi = {10.1109/ICCV.2015.169}
}

@article{fasterrcnn,
	author = {Ren, Shaoqing and He, Kaiming and Girshick, Ross and Sun, Jian},
	year = {2015},
	month = {06},
	pages = {},
	title = {Faster R-CNN: Towards Real-Time Object Detection with Region Proposal Networks},
	volume = {39},
	journal = {IEEE Transactions on Pattern Analysis and Machine Intelligence},
	doi = {10.1109/TPAMI.2016.2577031}
}

@article{rpn,
	author = {Chen, Yu and Li, Ying and Wang, Gang},
	year = {2018},
	month = {09},
	pages = {e0203897},
	title = {An Enhanced Region Proposal Network for object detection using deep learning method},
	volume = {13},
	journal = {PLOS ONE},
	doi = {10.1371/journal.pone.0203897}
}

@misc{
	kt,
	title="РЕНТГЕНОВСКАЯ ТОМОГРАФИЯ • Большая российская энциклопедия - электронная версия [Электронный ресурс]",
	howpublished="Режим доступа: \url{https://bigenc.ru/physics/text/3505948} (дата обращения 10.01.2022)"
}

@misc{
	mrt,
	title="МАГНИТНО-РЕЗОНАНСНАЯ ТОМОГРАФИЯ • Большая российская энциклопедия - электронная версия [Электронный ресурс]",
	howpublished="Режим доступа: \url{https://bigenc.ru/medicine/text/2153066} (дата обращения 10.01.2022)"
}

@misc{
	neuralnet,
	title="Что такое нейронные сети? - Российская Федерация | IBM [Электронный ресурс]",
	howpublished="Режим доступа: \url{https://www.ibm.com/ru-ru/cloud/learn/neural-networks} (дата обращения 04.02.2022)"
}

@misc{
	linearreg,
	title="О линейной регрессии - Российская Федерация | IBM [Электронный ресурс]",
	howpublished="Режим доступа: \url{https://www.ibm.com/ru-ru/analytics/learn/linear-regression} (дата обращения 04.02.2022)"
}

@misc{isaps,
	author = {ISAPS},
	year = {2018},
	title = {Survey: Aesthetic/Cosmetic procedures performed in 2018}
}

@misc{svm,
	title="Метод опорных векторов - Университет ИТМО [Электронный ресурс]",
	howpublished="Режим доступа: \url{https://neerc.ifmo.ru/wiki/index.php?title=Метод_опорных_векторов_(SVM)} (дата обращения 10.05.2022)"
}

@inbook{ctmrt,
	author = {Bernsen, Monique and Straten, Marcel and Kotek, Gyula and Warnert, Esther and Haeck, Joost and Ruggiero, Alessandro and Wielopolski, Piotr and Krestin, Gabriel},
	year = {2020},
	month = {06},
	pages = {31-110},
	title = {Computed Tomography and Magnetic Resonance Imaging},
	volume = {216},
	isbn = {978-3-030-42617-0},
	journal = {Recent results in cancer research. Fortschritte der Krebsforschung. Progres dans les recherches sur le cancer},
	doi = {10.1007/978-3-030-42618-7_2}
}

@misc{ct,
	title="Принципы работы компьютерного томографа (КТ) [Электронный ресурс]",
	howpublished="Режим доступа: \url{https://teleradiologia.ru/компьютерная-томография-общие-принц/} (дата обращения 10.05.2022)"
}

@misc{mrtprinciple,
	title="МРТ аппарат [Электронный ресурс]",
	howpublished="Режим доступа: \url{https://tomograf.spb.ru/mrt-apparat} (дата обращения 10.05.2022)"
}